@MISC{fowlerDSL,
author = Domain Specific Language. Homepage of Martin Fowler. Webseite.},
title = {},
year = {2013},
howpublished = {\url{http://forums.ni.com/}},
}